@Book{ABRAMOWITZ[1972],
  author = 	 {M. Abramowitz and I. A. Stegun},
  title = 	 {Handbook of Mathematical Functions},
  publisher = 	 {Dover Publications},
  year = 	 {1972}
}

@Article{ADCROFT[1997],
author   = {A. Adcroft and C. Hill and J. Marshall},
title    = {Representation of topography by shaved cells in a height coordinate ocean model},
journal  = {Mon. Weather Rev.},
volume   = {125},
pages    = {2293--2315},
year     = {1997}
}

@Article{ANTENUCCI[2001],
author   = {J. P. Antenucci and J. Imberger},
title    = {On internal waves near the high frequency limit in an enclosed basin},
journal  = {J. Geophys. Res.},
volume   = {106},
pages    = {22,465--22,472},
year     = {2001}
}

@Article{ARGROW[1996],
author   = {B. M. Argrow},
title    = {Computational analysis of dense gas shock tube flow},
journal  = {Shock Waves},
volume   = {6},
pages    = {241--248},
year     = {1996}
}

@Article{ARMFIELD[2000],
author = {S. W. Armfield and R. L. Street},
title = {Fractional step methods for the 
{N}avier-{S}tokes equations on non-staggered grids},
journal = {\it ANZIAM J.},
volume = {42(E)},
year = {2000},
pages = {C134--C156}
}

@Book{BATCHELOR[1967],
  author = {G. K. Batchelor},
  title = {An Introduction to Fluid Dynamics},
  publisher = {Cambridge University Press},
  year = {1967}
}

@Article{BAKER[1982],
author   = {B. R. Baker and D. I. Meiron and S. A. Orszag},
title    = {Generalized vortex methods for free-surface flow problems},
journal  = {J. Fluid Mech.},
volume   = {123},
pages    = {477-501},
year     = {1982}
}

@Article{BERGER[1984],
author   = {M. Berger and J. Oliger},
title    = {Adaptive mesh refinement for hyperbolic partial differential equations},
journal  = {J. Comput. Phys.},
volume   = {53},
pages    = {484--512},
year     = {1984}
}

@Article{BERGER[1989],
author   = {M. Berger and P. Colella},
title    = {Local adaptive mesh refinement for shock hydrodynamics},
journal  = {J. Comput. Phys.},
volume   = {82},
pages    = {64--84},
year     = {1989}
}

@InProceedings{BERGERON[1998],
author = 	 {R. Bergeron},
title  =  {Measurement of a scientific workload using the IBM
           hardware performance monitor},
year = 	 {1998},
note =   {{\it Proceedings of the Supercomputing'98 Conference, Orlando}}
}

@Article{BLUMBERG[1985],
author   =  {A. F. Blumberg and L. H. Kantha},
title    =  {Open boundary conditions for circulation models},
journal  = {J. Hyd. Eng.},
volume   = {111}, 
pages    = {273--255},
year     = {1985}
}

@Book{BLUMBERG[1987],
author = {A. F. Blumberg and G. L. Mellor},
title = {A description of a three-dimensional coastal ocean circulation model, Three-Dimensional 
Coastal Ocean Models, Ed. N. Heaps}, 
publisher={American Geophysical Union},
year = {1987},
note = {1--16}
} 

@Article{BOEGMAN[2003],
author   =  {L. Boegman and J. Imberger and G.N. Ivey and J. P. Angenucci},
title    =  {High-frequency internal waves in large stratified lakes},
journal  = {Limnol. Oceanogr.},
volume   = {48}, 
pages    = {895-919},
year     = {2003}
}

@Article{BOEHM[2002],
author   = {A. B. Boehm and B. T. Sanders and C. D. Winant},
title    = {Cross-shelf transport at {H}untington {B}each.  {I}mplications for the fate
            of sewage discharged through an offshore ocean outfall},
journal  = {Environ. Sci. Tehnol.},
volume   = {36},
pages    = {1899--1906},
year     = {2002}
}

@Article{BRAESS[2002],
author = {D. Braess and P. Deuflhard and K. Lipnikov},
title = {A cascadic multigrid algorithm for mortar elements}, 
journal = {Computing},
volume =  {69},
pages = {205--225},
year = {2002}
}

@InProceedings{BROWN[1997],
author = {D. L. Brown and G. S. Chesshire and S. D. Henshaw and D. J. Quinlan},
title = {OVERTURE: An Object-Oriented Software System for Solving Partial Differential Equations in Serial and Parallel Environments (\verb+http://www.llnl.gov/CASC/Overture/+)},
note  = {{\it Eighth SIAM {C}onference on {P}arallel {P}rocessing for {S}cientific {C}omputing}, Minneapolis},
year     = {1997},
}

@Article{CALHOUN[1999],
author   =  {R. J. Calhoun and R. L. Street and J. R. Koseff},
title    =  {Turbulent flow over a wavy surface: Stratified case},
journal  = {J. Geophys. Res.},
volume   = {106}, 
pages    = {9295-9310},
year     = {1999}
}

@Article{CASULLI[1990],
author   =  {V. Casulli},
title    =  {Semi-implicit finite difference methods for the two-dimensional shallow water equations},
journal  = {J. Comp. Phys.},
volume   = {86}, 
pages    = {56--74},
year     = {1990}
}

@Article{CASULLI[1998],
author   =  {V. Casulli and G. S. Stelling},
title    =  {Numerical Simulation of 3D quasi-hydrostatic free-surface flows},
journal  = {J. Hyd. Eng.},
volume   = {124}, 
pages    = {678--586},
year     = {1998}
}

@Article{CASULLI[1999a],
author   =  {V. Casulli},
title    =  {A semi-implicit finite difference method for non-hydrostatic, free-surface flows},
journal = 	 {Int. J. Numer. Methods Fluids},
volume   = {30}, 
pages    = {425--440},
year     = {1999a}
}

@InProceedings{CASULLI[1999b],
author = 	 {V. Casulli},
title  =  {A semi-implicit numerical method for non-hydrostatic free-surface flows 
             on unstructured grid},
year = 	 {1999b},
booktitle =   {Numerical Modeling of Hydrodynamic Systems ESF Workshop},
pages = {175--193}
}


@Article{CASULLI[2000],
author = {V. Casulli and R. Walters},
title = {An unstructured grid, three-dimensional model based on the shallow water
equations},
journal = {Int. J. Numer. Methods Fluids},
volume = {32},
pages = {331--348},
year = {2000}
}

@InProceedings{CHAN[1970],
author   =  {R. K. C. Chan and R. L. Street},
title    =  {The shoaling of finite amplitude water waves on sloping beaches},
booktitle  = {Twelfth conference on coastal engineering, ASCE},
pages    = {345--362},
year     = {1970}
}

@InProceedings{CFDNET[2001],
author = 	 {J. Militzer and T. A. Bell},
title  =  {CFDnet: Recent Developments and Future Work (\verb+http://www.cfdnet.org+)},
year = 	 {2001},
booktitle =   {{\it CFD 2001}, Kitchener-Waterloo}
}


@Article{CHEN[1999],
author   =  {G. Chen and C. Kharif and S. Zaleski and J. Li},
title    =  {Two-dimensional {N}avier-{S}tokes simulation of breaking waves},
journal  = {Phys. Fluids},
volume   = {11}, 
pages    = {121--133},
year     = {1999}
}

@Article{COKELET[1977],
author   =  {E. D. Cokelet},
title    =  {Breaking waves},
journal  = {Nature},
volume   = {267},
pages    = {769-774},
year     = {1977}
}

@PhdThesis{CRAIG[1985],
  author = 	 {P. Craig},
  title = 	 {Internal wave dynamics over coastal topography},
  school = 	 {University of Western Australia},
  year = 	 {1985}
}

@PhdThesis{CUIPHD[1999],
  author = 	 {A. Cui},
  title = 	 {On the parallel computation of turbulent, rotating, stratified flows},
  school = 	 {Stanford University},
  year = 	 {1999}
}

@InProceedings{CUI[2000],
author   =  {A. Cui and R. L. Street},
title    =  {Parallel computing of laboratory-scale realizations of 	
             rotating and stratified fluid flows},
note     = {{\it The 2000 International Conference on Parallel 	and Distributed Processing Techniques and Applications}}, 
year     = {2000},
pages    = {1423--1429}
}
Cummins, PF and LY Oey. 1997. . J. Phys. Oceanog., 27, 762-781.

@Article{CUMMINS[1997],
author   =  {P. F. Cummins and L. Y. Oey},
title    =  {Simulation of barotropic and baroclinic tides off northern British Columbia},
journal =   {J. Phys. Oceanogr.},
volume   = {27}, 
pages    = {762--781},
year     = {1997}
}

@Article{CURCHITSER[1998],
author   =  {E. N. Curchitser and  M. Iskandarani and D. B. Haidvogel},
title    =  {A spectral element solution of the shallow water equations on multiprocessor computers},
journal =   {J. Atmos. Oceanogr. Tech.},
volume   = {15}, 
pages    = {510--521},
year     = {1998}
}

@Article{DING[1998],
author   =  {L. Ding and R. J. Calhoun and R. L. Street},
title    =  {Numerical simulation of strongly stratified flow 
             over a three-dimensional hill},
journal  =  {Boundary Layer Meteorology},
volume   =  {107}, 
year     =  {2003},
pages    =  {81--114}
}

@Unpublished{DAILY[1995],
  author = 	 {C. Daily},
  title = 	 {Numerical modeling of upwelling, relaxation, and downwelling in Monterey Bay, California},
  note = 	 {Senior thesis, Princeton University},
  year =         {1995}
}

@Article{DOMARADZKI[1999],
author   =  {J. A. Domaradzki and K. C. Loh},
title    =  {The subgrid-scale estimation model in the physical space representation},
journal  = {Phys. Fluids},
volume   = {11}, 
pages    = {2330--2342},
year     = {1999}
}


@Article{DORR[2002],
author   =  {M. R. Dorr and F. X. Garaizar and J. A. F. Hittinger},
title    =  {Simulation of laser plasma filamentation using adaptive mesh refinement},
journal  = {J. Comput. Phys.},
volume   = {177}, 
pages    = {233--263},
year     = {2002}
}

@Book{DEAN[1991],
  author = 	 {R. G. Dean and R. A. Dalrymple},
  title = 	 {Water Wave Mechanics for Engineers and Scientists},
  publisher = 	 {World Scientific Publishing Co.},
  year = 	 {1991}
}

@Book{DONGARRA[1998],
  author = {J. J. Dongarra and I. S. Duff and D. C. Sorensen and H. A. Van Der Vorst},
  title  = {Numerical Linear Algebra for High-Performance Computers},
  publisher = {SIAM},
  year = {1998}
}

@InProceedings{DORNBRACK[1995],
  author = 	 {A. D\"{o}rnbrack and T. Gerz},
  title = 	 {Generation of turbulence by overturning gravity waves below a critical level},
  booktitle = 	 {11th Symposium on Boundary Layers and Turbulence}, 
  pages =        {576-579},
  year =         {1995}
}

@Article{DORNBRACK[1998],
  author = 	 {A. D\"{o}rnbrack},
  title = 	 {Turbulent mixing by breaking gravity waves},
  journal = 	 {J. Fluid Mech.},
  year = 	 {1998},
  volume = 	 {375},
  pages = 	 {113--141}
}

@Article{DRAZIN[1977],
  author = 	 {P. G. Drazin},
  title = 	 {On the instability of an internal gravity wave},
  journal = 	 {Proc. R. Soc. Lon. Ser. A},
  year = 	 {1977},
  volume = 	 {356},
  pages = 	 {411-432}
}

@Book{DRAZIN[1981],
  author = 	 {P. G. Drazin and W. H. Reid},
  title = 	 {Hydrodynamic Stability},
  publisher = 	 {Cambridge University Press},
  year = 	 {1981}
}

@Article{DUKOWICZ[1994],
  author = 	 {J. K. Dukowicz and R. D. Smith},
  title = 	 {Implicit Free-Surface Method for the {B}ryan-{C}ox-{S}emtner Ocean Model},
  journal = 	 {J. Geophys. Res.},
  year = 	 {1994},
  volume = 	 {99},
  pages = 	 {7991--8014}
}

@Article{EADY[1949],
  author = {Eady},
  journal = {Tellus},
  volume = {13},
  pages = {33--52},
  year = {1949}
}

@Article{ENRIGHT[2002],
  author = 	 {D. Enright and R. Fedkiw and J. Ferziger and I. Mitchell},
  title = 	 {A hybrid particle level set method for improved interface capturing},
  journal = 	 {J. Comput. Phys.},
  year = 	 {2002},
  volume =       {183},
  pages =        {83--116}
}

@Article{EZER[2004],
  author = {T. Ezer and G. L. Mellor},
  title = {A generalized coordinate ocean model and a comparison of the bottom boundary layer dynamics
           in terrain-following and in z-level grids},
  journal = {Ocean Modelling},
  volume = {6},
  pages = {379-403},
  year = {2004}
}


@Book{FERZIGER[1997],
  author = 	 {J. H. Ferziger and M. Peric},
  title = 	 {Computational Methods for Fluid Dynamics},
  publisher = 	 {Springer-Verlag},
  year = 	 {1997}
}

@Book{FLETCHER[1997],
  author = 	 {C. A. J. Fletcher},
  title = 	 {Computational Techniques for Fluid Dynamics, Volume I},
  publisher = 	 {Springer-Verlag},
  year = 	 {1997}
}

@Article{FONG[2001],
  author = 	 {D. A. Fong and W. Rockwell Geyer},
  title = 	 {Response of a river plume during an upwelling favorable wind event},
  journal = 	 {J. Geophys. Res.},
  year = 	 {2001},
  volume =       {106},
  pages =        {1067--1084}
}

@Article{FOX[1995],
  author = 	 {A. D. Fox and S. J. Maskell},
  title = 	 {Two-way interactive nestinf of primitive equation ocean models with 
                  topography},
  journal = 	 {J. Phys. Oceanogr.},
  year = 	 {1995},
  volume =       {23},
  pages =        {2977--????}
}

@PhdThesis{FRINGER[2001],
  author = 	 {O. B. Fringer},
  title = 	 {Numerical simulations of breaking interfacial waves},
  school = 	 {Stanford University},
  year = 	 {2001}
}

@Article{FRINGER[2002],
  author = 	 {O. B. Fringer and S. W. Armfield and R. L. Street},
  title = 	 {Reducing numerical diffusion in interfacial gravity wave simulations},
  journal = 	 {Environ. Fluid Mech. J.},
  year = 	 {2003},
  note =         {Submitted} 
}

@Article{FRINGER[2002b],
  author = 	 {O. B. Fringer and R. L. Street},
  title = 	 {Generation of large amplitude Boussinesq interfacial waves},
  journal = 	 {Phys. Fluids},
  year = 	 {2002b},
  note =         {in press}
}

@Inproceedings{FRINGER[2002c],
  author = 	 {O. B. Fringer and S. W. Armfield and R. L. Street},
  title = 	 {A nonstaggered curvilinear grid pressure correction method applied to interfacial waves},
  note = 	 {{\it 2nd International Conference on Heat Transfer, Fluid Mechanics, and Thermodynamics}, Victoria Falls},
  year = 	 {2003}
}

@Article{FRINGER[2003],
  author = 	 {O. B. Fringer and R. L. Street},
  title = 	 {The dynamics of breaking progressive interfacial waves},
  journal = 	 {J. Fluid Mech.},
  volume =       {494},
  pages =        {319--353},
  year = {2003}
}

@Inproceedings{FRINGER[2002e],
  author = 	 {O. B. Fringer and M. Gerritsen and S. Jachec and R. L. Street},
  title = 	 {A new nonhydrostatic parallel coastal ocean model},
  note = 	 {{\it Eos Transactions}, AGU, 83(47), Fall Meeting Suppl. Abstract OS11C-0238},
  year = 	 {2002}
}

@Misc{FRINGER[2003b],
author = {O. B. Fringer},
note = {\verb+http://suntans.stanford.edu+},
year = {2003}
}

@InProceedings{FRINGER[2004a],
author   =  {O. B. Fringer and A. Boehm},
title =     {Cross shelf transport induced by internal tides},
note     =  {{\it ASLO/TOS Ocean Research Conference}, Honolulu},
year     =  {2004}
}

@Article{FRINGER[2004b],
  author   =     {O. B. Fringer and A. Boehm},
  title = 	 {Cross shelf transport induced by internal tides},
  journal = 	 {J. Geophys. Res.},
  year = 	 {2004},
  note =         {submitted} 
}

@Article{FRINGER[2004d],
  author = 	 {O. B. Fringer and M. Gerritsen and R. L. Street},
  title = 	 {Nonhydrostatic internal waves in {M}onterey {B}ay},
  journal = 	 {J. Phys. Oceanogr.},
  year = 	 {2004},
  note =         {In prep.} 
}

@Article{FRINGER[2004e],
  author = 	 {O. B. Fringer and M. Gerritsen and R. L. Street},
  title = 	 {Internal waves in Monterey Bay: an application of SUNTANS},
  journal = 	 {Proceedings of the Fourth Int. Symp. on Environ. Hydraul.},
  year = 	 {2004},
  note =         {to appear}
}

@Article{FRINGER[2005],
  author = 	 {O. B. Fringer and M. Gerritsen and R. L. Street},
  title = 	 {An unstructured grid, finite-volume, nonhydrostatic, parallel coastal ocean simulator},
  journal = 	 {Ocean Modeling},
  year = 	 {2006},
  volume = {14},
  number =  {3-4}, 
  pages = {139--278}
}

@Article{ANDREASSEN[1998],
  author = 	 {O. Andreassen and P. O. Hvidsten and D. C. Fritts and S. Arendt},
  title = 	 {Vorticity dynamics in a breaking internal gravity wave. Part 1. Initial instability evolution},
  journal = 	 {J. Fluid Mech.},
  year = 	 {1998},
  volume = 	 {367},
  pages = 	 {27--46}
}

@Article{FRITTS[1998],
  author = 	 {D. C. Fritts and S. Arendt and O. Andreassen},
  title = 	 {Vorticity dynamics in a breaking internal gravity wave. 
                  Part 2. Vortex interactions and transition to turbulence},
  journal = 	 {J. Fluid Mech.},
  year = 	 {1998},
  volume = 	 {367},
  pages = 	 {47--65}
}

@InProceedings{GALLACHER[2000],
  author = 	 {P. C. Gallacher and S. Piacsek},
  title = 	 {Nonhydrostatic and quasi-hydrostatic simulations of a coastal buoyant jet},
  booktitle = 	 {5th Int'l Symp. on Stratified Flows},
  year = 	 {2000},
  pages = 	 {971--975},
  note = {Vancouver}
}

@Article{GARCIA[1999],
  author = 	 {A. Garcia and J. Bell and W. Y. Crutchfield and B. Alder},
  title = 	 {Adaptive Mesh and Algorithm Refinement using Direct Simulation Monte
Carlo},
  journal = 	 {J. Comp. Phys.},
  year = 	 {1999},
  volume = 	 {154},
  pages = 	 {134--155}
}

@Article{GASKELL[1988],
  author = 	 {P. H. Gaskell and A. K. C. Lau},
  title = 	 {Curvature compensated convective transport:  SMART, a new boundedness preserving
                  scheme},
  journal = 	 {Int. J. Numer. Methods Fluids},
  year = 	 {1988},
  volume = 	 {8},
  pages = 	 {617--635}
}

@InProceedings{GARAIZAR[1998],
author   =  {F. X. Garaizar and F.D. Hornung and S.R. Kohn and S.G. Smith},
title    =  {SAMRAI: A Framework for Structured AMR (\verb+http://www.llnl.gov/CASC/SAMRAI+)}, 
note     =  {{\it Symposium on Adaptive Methods for Partial Differential Equations}, Salt Lake City},
year     =  {1998}
}

@Article{GARNIER[1999],
  author = 	 {E. Garnier and M. Mossi and P. Sagaut and P. Comte and M. Deville},
  title = 	 {On the use of shock-capturing schemes for large-eddy simulation},
  journal = 	 {J. Comput. Phys.},
  year = 	 {1999},
  volume = 	 {153},
  pages = 	 {273--311}
}

@Article{GRANT[1986],
  author = 	 {W. D. Grant and O. S. Madsen},
  title = 	 {The continental-shelf bottom boundary layer},
  journal = 	 {Ann. Rev. Fluid Mech.},
  year = 	 {1986},
  volume = 	 {18},
  pages = 	 {265--305}
}

@Article{GREGG[1987],
  author = 	 {M. C. Gregg},
  title = 	 {Diapycnal mixing in the thermocline: A review},
  journal = 	 {J. Geophys. Res.},
  year = 	 {1987},
  volume = 	 {92},
  pages = 	 {5249--5286}
}

@Article{GREGG[1999],
author = {M. C. Gregg, D. W. Winkel, J. A. MacKinnon, and R. C. Lien},
title = {Mixing over shelves and slopes},
note = {{\it Internal Wave Modeling (Eds. P. Muller and D. Henderson), Proc. Aha Huliko'a Hawaiian Winter Workshop},
        35-42},
year = 1999
}

@Article{GROSS[1999],
  author = 	 {E. S. Gross and J. R. Koseff and S. G. Monismith},
  title = 	 {Evaluation of advective schemes for estuarine salinity simulations},
  journal = 	 {J. Hydraul. Eng.},
  year = 	 {1999},
  volume = 	 {125},
  pages = 	 {32--46}
}

@Article{GROSS[2002],
  author = 	 {E. S. Gross and L. Bonaventura and G. Rosatti},
  title = 	 {Consistency with continuity in conservative advection schemes for 
                  free-surface models},
  journal = 	 {Int. J. Numer. Methods Fluids},
  year = 	 {2002},
  volume = 	 {38},
  pages = 	 {307--327}
}

@Article{GRUE[1997],
  author = 	 {J. Grue and H. A. Friss and E. Palm and P. O. Rusas},
  title = 	 {A method for computing unsteady fully nonlinear interfacial waves},
  journal = 	 {J. Fluid Mech.},
  year = 	 {1997},
  volume = 	 {351},
  pages = 	 {223--252}
}

@Article{JACHEC[2006],
author = {S. M. Jachec and O. B. Fringer and M. G. Gerritsen and R. L. Street}, 
year = {2006}, 
title = {Numerical simulation of internal tides and the resulting energetics within {M}onterey {B}ay 
and the surrounding area}, 
journal = {Geophys. Res. Lett.}, 
volume = {33}, 
pages = {L12605}, 
doi = {10.1029/2006GL026314}
}

@Book{HAIDVOGEL[1999],
  author = 	 {D. B. Haidvogel and A. Beckmann},
  title = 	 {Numerical ocean circulation modeling},
  publisher = 	 {Imperial College Press},
  year = 	 {1999}
}

@Article{HARLOW[1965],
author = {F. H. Harlow and J. E. Welch},
title = {Numerical calculation of time-dependent viscous incompressible flow 
         of a fluid with free surface},
journal = {Phys. Fluids},
volume = {8}, 
pages = {2182--2189},
year = {1965}
}

@Article{HARTEL[2000],
author = {C. Hartel and E. Meiburg and F. Necker},
title = {Analysis and direct numerical simulation of the flow at a gravity-current head.  Part 1.  
         Flow topology and front speed for slip and no-slip boundaries},
journal = {J. Fluid Mech.},
volume = {418},
pages = {189--212},
year = {2000}
}

@Article{HAZEL[1972],
author = {Hazel},
title = {Numerical studies of the stability of inviscid stratified shear flows},
journal = {J. Fluid Mech.},
volume = {51}, 
pages = {39--61},
year = {1972}
}

@Article{HIGHAM[2001],
author = {D. J. Higham},
title = {An algorithmic introduction to numerical simulation of stochastic differential equations},
journal = {SIAM Review},
volume = {43},
pages = {525--546},
year = {2001}
}		   

@Article{HINDMAN[1982],
author = {R. G. Hindman},
title = {Generalized coordinate forms of governing fluid equations and associated geometrically induced errors},
journal = {AIAA Journal},
volume = {20},
pages = {1359--1367},
year = {1982}
}		   

@Book{HIRSCH[1990],
  author = 	 {C. Hirsch},
  title = 	 {Numerical Computation of Internal and External Flows. Volume 2. Computational Methods
                  for Inviscid and Viscous Flows},
  publisher = 	 {Wiley},
  year = 	 {1990}
}

@Article{HODGES[1999],
author = {B. R. Hodges and R. L. Street},
title = {On simulation of turbulent nonlinear free-surface flows},
journal = {J. Comput. Phys.},
volume = {151}, 
pages = {425--457},
year = {1999}
}		

@TechReport{HODGES[2000],
title = {Numerical Techniques in {C}{W}{R}-{E}{L}{C}{O}{M}},
author = {Ben R. Hodges},
Institution = {Centre for Water Research},
year = {2000},
Type = {Technical Report No. {WP} 1422-{BH}}
}

@Article{HODGES[2000b],
title = {Modeling basin-scale internal waves in a stratified lake},
author = {B. R. Hodges and J. Imberger and  A. Saggio and K. B. Winters},
journal = {Limno. Oceangr.}, 
volume = {45},
pages = {1603--1620}, 
year = {2000}
}
   
@Article{HOLLOWAY[2001a],
author = {P. E. Holloway and P. G. Chatwin and P. Craig},
title = {Internal tide observations from the {A}ustralian {N}orth {W}est shelf in {S}ummer of 1995},
journal = {J. Phys. Oceanogr.},
volume = {31}, 
pages = {1182--1199},
year = {2001}
}

@Article{HOLLOWAY[2001b],
author = {P. E. Holloway},
title = {A regional model of the semidiurnal internal tide on the {A}ustralian {N}orth {W}est shelf},
journal = 	 {J. Geophys. Res.},
volume = {106}, 
pages = {19,625--19,638},
year = {2001}
}

@Article{HOLYER[1979],
author = {J. Y. Holyer},
title = {Large amplitude progressive interfacial waves},
journal = {J. Fluid Mech.},
volume = {93}, 
pages = {433--448},
year = {1979}
}

@Article{HUNT[1961],
author = {J. N. Hunt},
title = {Interfacial waves of finite amplitude},
journal = {La Houille Blanche},
volume = {16}, 
pages = {515--531},
year = {1961}
}

@InProceedings{IMBERGER[1998],
author = {J. Imberger},
title = {Flux paths in a stratified lake: A review},
note  = {{\it Physical processes in lakes and oceans}.  {C}oastal and estuarine studies. American Geophysical Union}, 
year     = {1998},
pages = {1--18}
}

@Article{IVEY[1991],
author = {G. N. Ivey and J. Imberger},
title = {On the nature of turbulence in a stratified fluid.  Part {I}: The energetics of mixing},
journal = {J. Phys. Oceanogr.},
volume = {21}, 
pages = {650--658},
year = {1991},
}

@Article{JAVAM[1999],
author = {A. Javam and J. Imberger and S. W. Armfield},
title = {Numerical study of internal wave reflection from sloping boundaries},
journal = {J. Fluid Mech.},
volume = {396},
pages = {183-201},
year = {1999}
}

@Article{JAVAM[1995b],
author = {A. Javam and S. G. Teoh and J. Imberger and G. N. Ivey},
title = {Two intersecting wave rays:  A comparison between numerical and laboratory results},
journal = {J. Fluid Mech.},
year = {1995b}
}

@Article{JAVAM[1995c],
author = {A. Javam and J. Imberger and S. W. Armfield},
title = {Numerical study of internal waves overturning at caustic reflections},
journal = {J. Fluid Mech.},
year = {1995c}
}

@Article{JAVAM[2000],
author = {A. Javam and J. Imberger and S. W. Armfield},
title = {Numerical study of internal wave-caustic and internal wave-shear 
         interactions in a stratified fluid},
journal = {J. Fluid Mech.},
volume = {415},
pages = {89--116},
year = {2000}
}

@Article{JIN[1993],
author = {G. Jin and M. Braza},
title = {A nonreflecting outlet boundary condition for incompressible unsteady 
{N}avier-{S}tokes calculations},
journal = {J. Comp. Phys.},
volume = {107},
pages = {239--253},
year = {1993}
}

@Article{JOU[1987],
author = {W. Jou and M. A. Weissman},
title = {A perturbation solution for long internal waves},
journal = {Phys. Fluids},
volume = 30,
year = {1987},
pages = {1699-1707}
}

@Article{KANARSKA[2003],
author = {Y. Kanarska and V. Maderich},
title = {A non-hydrostatic numerical model for calculating free-surface stratified flows},
journal = {Ocean Dyn.},
volume = 53,
pages = {176--185},
year = {2003}
}

@Article{KANTHA[1993],
author = {L. H. Kantha and A. F. Blumberg and G. L. Mellor},
title = {Computing phase speeds at an open boundary},
journal =  {J. Hydraul. Eng.},
volume = 116,
pages = {592--597},
year = {1990}
}

@TechReport{KATO[2000],
Author={Katopodes, F.V. and R.L. Street and J.H. Ferziger},
Title={A theory for the subfilter-scale model in large-eddy simulation},
Institution={Environmental Fluid Mechanics Laboratory},
Year={2000},
Type="Technical Report 2000-K1"}

@Book{KERNIGHAN[1988],
  author = 	 {B. W. Kernighan and D. M. Ritchie},
  title = 	 {The {C} {P}rogramming {L}anguage},
  publisher = 	 {Prentice Hall},
  year = 	 {1988}
}

@Article{KIM[1985],
author = {J. Kim and P. Moin},
title = {Application of a fractional-step method to incompressible
         {N}avier-{S}tokes equations},
journal = {J. Comput. Phys.},
volume = 59, pages = {308-323},
year = {1985}
}

@Book{KORNHUBER[2003],
title = {Proceedings of the 15th International Conference on Domain Decomposition Methods}, 
author =  {R. Kornhuber and R. H. W. Hoppe and  D. E. Keyes and  J. Periaux and O. Pironneau and
J. Xu},
note = {Berlin},
year = {2003}
}

@Book{KREYSZIG[1993],
  author = 	 {E. Kreyszig},
  title = 	 {Advanced Engineering Mathematics},
  publisher = 	 {Wiley},
  year = 	 {1993}
}

@Book{KUNDU[1990],
  author = 	 {P. K. Kundu},
  title = 	 {Fluid Mechanics},
  publisher = 	 {Academic Press},
  year = 	 {1990}
}

@Article{LAVAL[2001],
author = {B. Laval and B. R. Hodges and J. Imberger},
title =  {Reducing numerical diffusion effects with pycnocline filter},
year = {2003},
journal = {J. Hydraul. Eng.-ASCE},
volume = {129},
pages = {215--224}
}

@Article{LEGG[2003],
author = {S. Legg and A. Adcroft},
title =  {Internal wave breaking at concave and convex continental slopes},
year = {2003},
journal = {J. Phys. Oceanogr.},
volume = {33},
pages = {2224--2246}
}


@Misc{LELE[1999],
  author = 	 {S. K. Lele},
  note = 	 {personal communication},
  year =         {1999}
}

@Article{LEONARD[1979],
author = {B. P. Leonard},
title  = {A stable and accurate convective modelling procedure
          based on quadratic upstream interpolation},
journal = {Comput. Meth. App. Mech.},
volume  = 19, pages={59-98},
year    = 1979
}

@Article{LEONARD[1980],
Author={B. P. Leonard},
Title= {Note on the von {N}eumann stability of the explicit {FTCS} convective diffusion equation},
journal = 	 {Appl. Math. Modelling},
Year={1980},
volume={4},
pages={401--402}
}

@TechReport{LEONARD[1987],
Author={B. P. Leonard},
Title= {{SHARP} Simulation of discontinuities in highly convective
         steady flow},
Institution={NASA},
Year={1987},
Type="Technical Memorandum 100240"
}

@Article{LEONARD[1988],
Author={B. P. Leonard},
Title= {Simple high-accuracy resolution program for convective modelling of discontinuities},
journal = 	 {Int. J. Numer. Methods Fluids},
Year={1988},
volume={8},
pages={1291--1318}
}

@Article{LEONARD[1991],
Author={B. P. Leonard},
Title= {The {ULTIMATE} conservative difference scheme applied to unsteady
one-dimensional advection},
journal={Comput. Meth. App. Mech.},
Year={1991},
volume={88},
pages={17--74}
}

@Article{LEONARD[1996],
Author={B. P. Leonard and A. P. Lock and M. K. MacVean},
Title= {Conservative explicit unrestricted-time-step multidimensional constancy-preserving
advection schemes},
journal = 	 {Mon. Weather Rev.},
Year={1996},
volume={124},
pages={2588--2606}
}

@Misc{LEONARD[2004],
author={B. P. Leonard},
note={personal communication},
year={2004}
}

@Article{LEE[1992],
author = {D. Lee and Y. M. Tsuei},
title = {A formula for the estimation of truncation errors of convection terms in a curvilinear coordinate system},
journal = {J. Comput. Phys.},
volume = {98},
year = {1992},
pages = {90--100}
}

@Article{LEVIN[2000],
author = {J. Levin and M. Iskandarani and D.B. Haidvogel},
title = {A nonconforming spectral element ocean model},
journal = {Int. J. Numer. Methods Fluids},
volume = {34},
year = {2000},
pages = {495--525}
}

@Article{LIEN[2001],
author = {R. C. Lien and M. Gregg},
title = {Observations of turbulence in a tidal beam and across
a coastal ridge},
journal = {J. Geophys. Res.},
volume = {106},
year = {2001},
pages = {4575--4591}
}


@Book{LIGHTHILL[1978],
  author = 	 {J. Lighthill},
  title = 	 {Waves in Fluids},
  publisher = 	 {Cambridge University Press},
  year = 	 {1978}
}

@Article{LIM[1997],
author   =  {S. Y. Lim},
title    =  {Equilibrium clear-water scour around an abutment},
journal =  {J. Hydraul. Eng.},
volume   = 123, 
pages    = {237--243},
year     = {1997}
}

@Article{LIM[1998],
author   =  {S. Y. Lim and N. S. Cheng},
title    =  {Prediction of live-bed scour at bridge abutments},
journal =  {J. Hydraul. Eng.},
volume   = 124, 
pages    = {635--638},
year     = {1998}
}

@InProceedings{LIM[2003],
author   =  {S. Y. Lim and J. Nugroho},
title    = {Scouring around bridge abutments in floodplains},
volume   = {2},
pages    = {145--150},
note  = {{\it Proc. Int. Conf. on Port \& Maritime R\&D and Tech.},
10-12 Sept 2003}
}

@Article{LIN[1993],
author   =  {C. L. Lin and J. H. Ferziger and J. R. Koseff and S. G. Monismith},
title    =  {Simulation and stability of two-dimensional internal
                  gravity waves in a stratified shear flow},
journal  = {Dynam. Atmos. Oceans},
volume   = 19, 
pages    = {325--366},
year     = 1993
}

@Article{LIN[1999],
author   =  {P. Lin and P. L. Liu},
title    =  {Internal wave-maker for {N}avier-{S}tokes equations models},
journal  = {J. Port, Coastal, and Ocean Eng.},
volume   = 125, 
pages    = {207--215},
year     = 1999
}

@Article{LINDEN[1991],
author   =  {P. F. Linden and J. J. Redondo},
title    =  {Molecular mixing in {R}ayleigh-{T}aylor instability},
journal  = {Phys. Fluids A},
volume   = 3,
pages    = {1269--1277},
year     = 1991
}


@Article{LOMBARD[1996],
  author = 	 {P. N. Lombard and J. J. Riley},
  title = 	 {On the breakdown into turbulence of propagating internal waves},
  journal = 	 {Dynam. Atmos. Oceans},
  year = 	 {1995},
  volume = 	 {23},
  pages = 	 {345--355}
}

% The years in this and the above are flipped -- leave it that way so that it doesn't screw up any
% refereences
@Article{LOMBARD[1995],
  author = 	 {P. N. Lombard and J. J. Riley},
  title = 	 {Instability and breakdown of internal gravity waves.  I.  Linear stability analysis},
  journal = 	 {Phys. Fluids},
  year = 	 {1996},
  volume = 	 {8},
  pages = 	 {3271--3287}
}

@Article{LONGUET[1975],
  author = 	 {M. S. Longuet-Higgins},
  title = 	 {Integral properties of periodic gravity waves of finite amplitude},
  journal = 	 {Proc. R. Soc. Lon. Ser. A},
  year = 	 {1975},
  volume = 	 {342},
  pages = 	 {157--174}
}

@InProceedings{PYRAMID[1998],
author   =  {J. Z. Lou and C. D. Norton and T. Cwik},
title    =  {A Robust Parallel Adaptive Mesh Refinement Software Package for Unstructured Meshes},
note  = {{\it 5th Intl. Symp. on Solving Irregularly Structured Problems in Parallel}, Berkeley},
year     = {1998}
}

@Misc{MARSHALL[1999],
  author = {D. Marshall},
  title = {Programming in {C}},
  year = {1999},
  note = {Online course notes.  http://www.cs.cf.ac.uk/Dave/C/CE.html}
}

@Article{MARSHALL[1997a],
  author = 	 {J. Marshall and C. Hill and L. Perelman and A. Adcroft},
  title = 	 {Hydrostatic, quasi-hydrostaic, and nonhydrostatic ocean modeling},
  journal = 	 {J. Geophys. Res.},
  year = 	 {1997},
  volume = 	 {102},
  pages = 	 {5733--5752}
}

@Article{MARSHALL[1997b],
  author = 	 {J. Marshall and A. Adcroft and C. Hill and L. Perelman and C. Heisey},
  title = 	 {A finite-volume, incompressible Navier Stokes model for studies of the ocean on parallel computers},
  journal = 	 {J. Geophys. Res.},
  year = 	 {1997},
  volume = 	 {102},
  pages = 	 {5753-5766}
}

@Article{MIYAKODA[1977],
  author = 	 {K. Miyakoda and A. Rosati},
  title = 	 {One-way nested grid mosels: {T}he interface conditions and the numerical accuracy},
  journal = 	 {Mon. Weather Rev.},
  year = 	 {1977},
  volume = 	 {105},
  pages = 	 {1092--????}
}

@Article{MCEWAN[1975],
  author = 	 {A. D. McEwan and R. M. Robinson},
  title = 	 {Parametric instability of internal gravity waves},
  journal = 	 {J. Fluid Mech.},
  year = 	 {1975},
  volume = 	 {67},
  pages = 	 {667-687}
}

@Article{MCEWAN[1983a],
  author = 	 {A. D. McEwan},
  title = 	 {The kinematics of stratified mixing through internal wave breaking},
  journal = 	 {J. Fluid Mech.},
  year = 	 {1983},
  volume = 	 {128},
  pages = 	 {47--48}
}

@Article{MCEWAN[1983b],
  author = 	 {A. D. McEwan},
  title = 	 {Internal mixing in stratified fluids},
  journal = 	 {J. Fluid Mech.},
  year = 	 {1983},
  volume = 	 {128},
  pages = 	 {59--80}
}

@Article{MICHALLET[1999],
  author = 	 {H. Michallet and G. N. Ivey},
  title = 	 {Experiments on mixing due to internal solitary waves 
                  breaking on uniform slopes},
  journal = 	 {J. Geophys. Res.},
  year = 	 {1999},
  volume = 	 {104},
  pages = 	 {13,467--13,477}
}

@Article{MAHADEVAN[1996a],
author   =  {A. Mahadevan and J. Oliger and R. Street},
title    =  {A nonhydrostatic mesoscale ocean model.  {P}art {I}: {I}mplementation and scaling},
journal  = {J. Phys. Oceanogr.},
volume   = {26}, 
pages    = {1860--1879},
year     = {1996a}
}		  
		  
@Article{MAHADEVAN[1996b],
author   =  {A. Mahadevan and J. Oliger and R. Street},
title    =  {A nonhydrostatic mesoscale ocean model.  {P}art {II}: {N}umerical implementation},
journal  = {J. Phys. Oceanogr.},
volume   = {26}, 
pages    = {1880--1900},
year     = {1996b}
}		  		  

@Article{MAHADEVAN[1998],
author   =  {A. Mahadevan and D. Archer},
title    =  {Modeling a limited region of the ocean},
journal  = {J. Comput. Physics},
volume   = {145}, 
pages    = {555--574},
year     = {1998}
}		  		  

@Misc{MBARI[1998],
  author = {G. Hatcher and N. Maher and H. G. Greene},
  title = 	 {MBARI Multibeam Survey CD-ROM},
  institution =  {Monterey Bay Aquarium Research Institute},
  note = {http://www.mbari.org},
  year = 	 {1998}
}

@PhdThesis{MEAKINPHD[1986],
  author = 	 {R. L. Meakin},
  title = 	 {Application of boundary conforming coordinate and domain decomposition principles to 
                  environmental flows},
  school = 	 {Stanford University},
  year = 	 {1986}
}

@Article{MEAKIN[1988a],
author = {R. L. Meakin and R. L. Street},
title = {Simulation of environmental flow problems in geometrically complex domains, Part 1: 
         A general coordinate transformation},
journal = {Comput. Meth. App. Mech.},
volume = 68,
year = {1988a},
pages = {151--175}
}

@Article{MEAKIN[1988b],
author = {R. L. Meakin and R. L. Street},
title = {Simulation of environmental flow problems in geometrically complex domains, Part 2: 
         A domain-splitting method},
journal = {Comput. Meth. App. Mech.},
volume = 68,
year = {1988b},
pages = {311-331}
}


@Article{MEIRON[1983],
author   =  {D. I. Meiron and P. G. Saffman},
title    =  {Overhanging interfacial gravity waves of large amplitude},
journal  = {J. Fluid Mech.},
volume   = {129},
pages    = {213--218},
year     = {1983}
}		  		  

@Article{MELLOR[1982],
author   =  {G. L. Mellor and T. Yamada},
title    =  {Development of a turbulence closure model for geophysical fluid problems},
journal  = {Rev. Geophys. Space. Phys.},
volume   = {20},
pages    = {851--875},
year     = {1982}
}		  		  

@Article{MUNK[1998],
author   =  {W. Munk and C. Wunsch},
title    =  {Abyssal recipes {II}: energetics of tidal and wind mixing},
journal  = {Deep-Sea Res.},
volume   = {45}, 
pages    = {1977--2010},
year     = {1998}
}		  		  

@Misc{PADUAN[1996],
  author = 	 {J. D. Paduan and L. K. Rosenfeld},
  title = 	 {Role of tidal forcing in determining the internal wave spectrum 
                  in the littoral ocean},
  institution =  {Naval Postgraduate School},
  year = 	 {1996},
  note = 	 {ONR Proposal, Funded},
}

@Article{PANOS[1993],
author   =  {P. Tamamidis and D. N. Assanis},
title    =  {Evaluation of various high-order-accuracy schemes with and without flux limiters},
journal = 	 {Int. J. Numer. Methods Fluids},
volume   = {16}, 
pages    = {931--948},
year     = {1993}
}		  		  

@Article{PAOLUCCI[1982],
Author={S. Paolucci and D. R. Chenoweth},
Title= {Stability of the finite difference transport equation},
journal = 	 {J. Comput. Phys.},
Year={1982},
volume={47},
pages={489--496}
}

@Misc{PARMETIS[1998],
  author = {G. Karypis and K. Schloegel and V. Kumar},
  title  = {{\it Parmetis}: Parallel graph partitioning and sparse matrix ordering library},
  institution = {University of Minnesota},
  year = {1998}
}


@Article{PENVEN[2002],
author   =  {Penven},
title    =  {???},
journal = {???},
volume   = {???},
pages    = {???},
year     = {2002}
}		  		  

@Article{PEROT[2000],
author   =  {B. Perot},
title    =  {Conservation properties of unstructured staggered mesh schemes},
journal = {J. Comput. Phys.},
volume   = {159}, 
pages    = {58--89},
year     = {2000}
}		  		  

@Article{PETRUNCIO[1998],
author   =  {E. T. Petruncio and L. K. Rosenfeld and J. D. Paduan},
title    =  {Observations of the internal tide in {M}onterey {C}anyon},
journal = {J. Phys. Oceanogr.},
volume   = {28}, 
pages    = {1873--1903},
year     = {1998}
}		  		  

@Article{PETRUNCIO[2002],
author   =  {E. T. Petruncio and J. D. Paduan and L. K. Rosenfeld},
title    =  {Numerical simulations of the internal tide in a submarine canyon},
journal = {Ocean Modelling},
volume   = {4}, 
pages    = {221--249},
year     = {2002}
}		  		  

@PhdThesis{PETRUNCIO[1996],
  author = 	 {E. Petruncio},
  title    =  {Observations and modeling of the internal tide in a submarine canyon},
  school = 	 {Naval Postgraduate School},
  year = 	 {1996}
}

@Book{PHILLIPS[1977],
  author = 	 {O. M. Phillips},
  title = 	 {The dynamics of the upper ocean},
  publisher = 	 {Cambridge University Press},
  year = 	 {1977}
}

@Book{PEDLOSKY[1987],
  author = 	 {J. Pedlosky},
  title = 	 {Geophysical Fluid Dynamics},
  publisher = 	 {Springer-Verlag},
  year = 	 {1987}
}

@Article{PRINSENBERG[1974],
author = {S. J. Prinsenberg and S. L. Wilmot and J. M. Rattray},
title = {Generation and dissipation of coastal internal tides},
journal  = {Deep-Sea Res.},
volume = {21},
pages = {263--281},
year = {1974}
}

@Article{PUCKETT[1997],
author   =  {E. G. Puckett and A. S. Almgren and J. B. Bell and D. L. Marcus and W. J. Rider},
title    =  {A high-order projection method for tracking fluid interfaces in variable density incompressible flows},
journal  = {J. Comput. Phys.},
volume   = {130}, 
pages    = {269--282},
year     = {1997}
}

@Article{RAPP[1990],
author   =  {R. J. Rapp and W. K. Melville},
title    =  {Laboratory measurements of deep-water breaking waves},
journal  = {Philos. Tr. R. Soc. Lon. A},
volume   = {331}, 
pages    = {735--800},
year     = {1990}
}

@Misc{REHMANNPHD[1995],
  author = 	 {C. R. Rehmann},
  title = 	 {Effects of stratification and molecular diffusivity on the mixing efficiency of decaying 
                  grid turbulence},
  note = {Ph.D. Dissertation, Stanford University},
  year = {1995}
}

@Article{RHINES[1982],
author   =  {P. B. Rhines and W. R. Young},
title    =  {Homogenization of potential vorticity in planetary gyres},
journal  = {J. Fluid Mech.},
volume   = {122}, 
pages    = {347--367},
year     = {1982}
}

@Book{ROBERTS[1998],
  author = 	 {E. S. Roberts},
  title = 	 {Programming abstractions in C},
  publisher = 	 {Addison-Wesley},
  year = 	 {1998}
}

@Article{ROBERTS[2000],
author = {S. Roberts and C. Zoppou},
title = {Robust and efficient solution of the 2D shallow water
equations with domains containing dry beds},
journal = {\it ANZIAM J.},
volume = {42(E)},
year = {2000},
pages = {C1260--C1282}
}

@TechReport{ROE[1984],
  author = 	 {P. L. Roe},
  title = 	 {Generalized formulation of {TVD} {L}ax-{W}endroff schemes},
  institution =  {NASA Langley Research Center},
  note =         {ICASE Report 84-53. NASA CR-172478},
  year = 	 {1984}
}

@InProceedings{ROSENFELD[1998],
author   =  {L. Rosenfeld and E. Kunze},
title    =  {Internal waves in {M}onterey {C}anyon extended abstracts},
note  = {{\it Coastal Ocean Processes Symp.}, Woods Hole, MA, Woods Hole Oceanographic 
Institution},
year     = {1998}
}

@Article{SAFFMAN[1982],
author   =  {P. G. Saffman and Henry C. Yuen},
title    =  {Finite-amplitude interfacial waves in the presence of a current},
journal  = {J. Fluid Mech.},
volume   = {123},
pages    = {359--476},
year     = {1982}
}

@Book{SAGAUT[2001],
  author = 	 {P. Sagaut},
  title = 	 {Large Eddy Simulation for Incompressible Flows},
  publisher = 	 {Springer-Verlag},
  year = 	 {2001}
}

@Article{SAUNDERS[1973],
author   =  {Saunders, P.M.},
title    =  {The instanility of a baroclinic vortex},
journal = {J. Phys. Oceanogr.},
volume   =  {3},
pages    = {61--65},
year     = {1973}
}

@Article{SHIBAYAMA[1994],
author   =  {T. Shibayama and N. T. Duy},
title    =  {A 2-D vertical model for wave and current in the surf zone based on the turbulent flow equations},
journal  = {Coast. Eng. Japan},
volume   = {144}, 
pages    = {41--65},
year     = {1994}
}

@Article{SLINN[1998],
author   =  {D. N. Slinn and J. J. Riley},
title    =  {Turbulent dynamics of a critically reflecting internal
                  gravity wave},
journal  = {Theor. Comp. Fluid Dyn.},
volume   = {11}, 
pages    = {281--303},
year     = {1998}
}

@Article{SLINN[1998a],
author   =  {D. N. Slinn and J. J. Riley},
title    =  {Turbulent dynamics of a critically reflecting internal
                  gravity wave},
journal  = {Theor. Comp. Fluid Dyn.},
volume   = {11}, 
pages    = {281--303},
year     = {1998a}
}

@Article{SLINN[1998b],
author   =  {D. N. Slinn and J. J. Riley},
title    =  {A model for the simulation of turbulent boundary layers
           in an incompressible stratified flow},
journal  = {J. Comput. Phys.},
volume   = 144, pages={550--602},
year     = {1998b}
}

@Article{SMYTH[2003],
author   =  {W. D. Smyth and K. B. Winters}, 
title    =  {Turbulence and mixing in {H}olmboe waves},
journal = {J. Phys. Oceanogr.},
volume   = {33},
year     = {2003},
pages = {694--711}
}

@Article{SONG[1994],
author = {Y. Song and D. Haidvogel},
title = {A Semi-implicit circulation model using a generalized
topography-following coordinate system},
journal = {J. Comp. Phys.},
volume = {115},
pages = {228--244},
year = {1994}
}

@Article{SPALL[1989],
author   =  {M. A. Spall},
title    =  {Regional primitive equation modeling and analysis of the polymode data set},
journal = {Dyn. Atmos. Oceans},
volume   = {14},
year     = {1989},
pages = {125--????}
}

@Article{STANTON[1998],
author   =  {T. P. Stanton and L. A. Ostrovsky},
title    =  {Observations of highly nonlinear interal solitons over
                  the continental shelf},
journal  = {Geophys. Res. Lett.},
volume   = {25}, 
pages    = {2695--2698},
year     = {1998}
}

@Article{STOKES[1880],
author   =  {G. G. Stokes},
title    =  {Considerations relative to the greatest height of
                  oscillatory irrotational waves},
journal  = {Mathematical and Physical Papers, Cambridge},
volume   = {1}, 
pages    = {225--228},
year     = {1880}
}

@InProceedings{THOMPSON[1983],
author = {J. F. Thompson and C. W. Mastin},
title = {Order of difference expressions in curvilinear coordinate
         systems},
booktitle = {Advances in Grid Generation},
year = 	 {1983},
note =   {FED-Vol. 5, Ed. K. N. Ghia and U. Ghia, 
          {\it ASME Applied Mechanics, Bioengineering, and Fluids Engineering 
           Conference}}
}

%Article{THOMPSON[1983],
%author = {J. F. Thompson and C. W. Mastin},
%title = {Order of difference expressions in curvilinear coordinate
%         systems},
%journal = {J. Fluids Eng.},
%volume = {107},
%year = {1985},
%pages = {241--250}
%}
%This is the old one:
%author = {J. F. Thompson and C. W. Mastin},
%title = {Order of difference expressions in curvilinear coordinate
%         systems},
%journal = {Advances in Grid Generation},
%year = 1983
%}
%pages = {???--???}
%}
% 
% And this is the right one:
%17. Thompson, Joe F. and Mastin, C. Wayne, "Order of Difference Expressions 
% on Curvilinear Coordinate Systems", Advances in Grid Generation, 
% FED-Vol. 5, Ed. K. N. Ghia and U. Ghia, ASME Applied Mechanics, 
% Bioengineering, and Fluids Engineering Conference, Houston, 1983.

@Article{THOMPSON[1980],
author = {R. O. R. Y. Thompson},
title = {Efficiency of conversion of kinetic energy to potential
                  energy by a breaking internal gravity wave},
journal = {J. Geophys. Res.},
volume = {85},
pages  = {6631--6635},
year = {1980}
}

@Article{THORPE[1968a],
author = {S. A. Thorpe},
title = {On standing internal gravity waves of finite amplitude},
journal = {J. Fluid Mech.},
volume = {32},
year = {1968},
pages = {489--528}
}

@Article{THORPE[1968b],
author = {S. A. Thorpe},
title = {On the shape of progessive internal waves},
journal = {Phil. Trans. Roy. Soc. A},
volume = {263},
year = {1968b}
}

@Article{THORPE[1978],
author = {S. A. Thorpe},
title = {On the shape and breaking of finite amplitude internal
                  gravity waves in a shear flow},
journal = {J. Fluid Mech.},
volume = {85},
pages = {7-31},
year = {1978}
}

@Article{THORPE[1994],
author = {S. A. Thorpe},
title = {Observations of parametric instability and breaking waves in
                  an oscillating tilted tube},
journal = {J. Fluid Mech.},
volume = {261},
pages = {33--45},
year = {1994}
}

@Misc{TRIANGLE[1996],
  author = {J. R. Shewchuck},
  title  = {{\it Triangle}: A Two-Dimensional Quality Mesh Generator and Delaunay Triangulator.
Version 1.3},
  institution = {Carnegie Mellon University},
  year = {1996}
}

@Misc{TROY[1999],
  author = 	 {C. D. Troy and J. R. Koseff},
  note = 	 {personal communication},
  year =         {1999}
}

@Inproceedings{TROY[2000],
author =  {C. D. Troy and J. R. Koseff},
title  =  {A laboratory investigation of breaking interfacial waves},
year = 	 {2000},
pages =  {839--846},
booktitle =   {Fifth International Symposium on Stratified Flows}
}

@Misc{TROY[2003],
  author = {C. D. Troy},
  title  = {The breaking and mixing of interfacial waves},
  note = {Ph.D. Dissertation, Stanford University},
  year = {2003}
}

@Article{TSENG[2001],
author = {Y. H. Tseng and J. H. Ferziger},
title = {Mixing and available potential energy in stratified flows},
journal = {Phys. Fluids},
volume = {13},
pages = {1281--1293},
year = {2001}
}

@Article{TSENG[2003],
author = {Y. H. Tseng and J. H. Ferziger},
title = {A ghost-cell immersed boundary method for flow in complex geometry},
journal = {J. Comput. Phys.},
year = {2003},
volume = {192},
pages = {593--623}
}

@Article{TSUJI[1973],
author = {Y. Tsugi and Y. Nagata},
title = {Stokes' expansion of internal deep water waves to the fifth order},
journal = {J. Ocean. Soc. Japan},
volume = {29},
pages = {61--69},
year = {1973}
}

@Book{TURNER[1973],
  author = 	 {J. S. Turner},
  title = 	 {Buoyancy effects in fluids},
  publisher = 	 {Cambridge University Press},
  year = 	 {1973}
}

@Article{VANKAN[1986],
  author = 	 {J. {Van Kan}},
  title = 	 {A second-order accurate pressure-correction scheme for viscous incompressible flow},
  journal = 	 {SIAM J. Sci. Stat. Comp.},
  year = 	 {1986},
  volume = 	 {7},
  pages = 	 {870-891}
}

@Unpublished{VOLPE[1991],
  author = 	 {E. V. Volpe},
  title = 	 {A manuscript on tensor analysis},
  note =           {Universidade de S\~{a}o Paolo, S\~{a}o Paolo, Brazil},
  year = 	         {1991}
}

@InProceedings{WENNEKER[2000],
author = {I. Wenneker and G. Segal and P. Wesseling},
title = {Computation of compressible flows on unstructured staggered grids},
year = {2000},
note = {{\it European Congress on Computational Methods in Applied Sciences and Engineering}}
}

@Article{WINTERS[1989],
  author = 	 {K. B. Winters and E. A. D'Asaro},
  title = 	 {Two-dimensional instability of finite amplitude internal gravity wave packets near a critical level},
  journal  =     {J. Geophys. Res.},
  year = 	 {1989},
  volume = 	 {94},
  pages = 	 {12,709--12,719}
}

@Article{WINTERS[1992],
  author = 	 {K. B. Winters and J. J. Riley},
  title = 	 {Instability of internal waves near a critical level},
  journal = 	 {Dynam. Atmos. Oceans},
  year = 	 {1992},
  volume = 	 {16},
  pages = 	 {249-278}
}

@Article{WINTERS[1994],
  author = 	 {K. B. Winters and E. A. D'Asaro},
  title = 	 {Three-dimensional wave instability near a critical level},
  journal = 	 {J. Fluid Mech.},
  year = 	 {1994},
  volume = 	 {272},
  pages = 	 {255--284}
}

@Article{WINTERS[1995],
  author = 	 {K. B. Winters and P. N. Lombard and J. J. Riley and E. A. D'Asaro},
  title = 	 {Available potential energy and mixing in density-stratified flows},
  journal = 	 {J. Fluid Mech.},
  year = 	 {1995},
  volume = 	 {289},
  pages = 	 {115-128}
}

@Article{XING[2001],
  author = 	 {J. Xing and A. M. Davies},
  title = 	 {Non-linear effects of internal tides on the generation of the tidal mean flow at the Hebrides shelf edge},
  journal = 	 {Geophys. Res. Lett.},
  year = 	 {2001},
  volume = 	 {28},
  pages = 	 {3939-3942}
}

@Article{YANKOVSKI[1997],
author   =  {Yankovsky, A.E. and Chapman, D.C.},
title    =  {A simple theory for the fate of buoyant coastal discharges},
journal  =  {Journal of Physical Oceanography},
volume   =  {27},
number   =  {7},
pages    = {1386--1401},
year     = {1997}
}

@Article{YUAN[1999],
author = {L. Yuan and R. L. Street and J. H. Ferziger},
title = {Large-eddy simulations of a round jet in crossflow},
journal = {J. Fluid Mech.},
volume = 379,
pages = {71-104},
year = 1999
}

@Article{ZANG[1993],
author = {Y. Zang and R. L. Street and J. R. Koseff},
title = {A dynamic mixed subgrid-scale model and its application to 
         turbulent recirculating flows},
journal = {Phys. Fluids A},
volume = 5, pages = {3186-3196},
year = 1993
}

@PhdThesis{ZANGPHD[1993],
  author = 	 {Y. Zang},
  title = 	 {On the development of tools for the simulation of geophysical flows},
  school = 	 {Stanford University},
  year = 	 {1993}
}

@Article{ZANG[1994],
author = {Y. Zang and R. L. Street and J. R. Koseff},
title =  {A non-staggered grid, fractional step method for time-dependent incompressible {N}avier-{S}tokes equations in curvilinear coordinates},
journal =  {J. Comput. Phys.}, 
volume = {114},
pages = {18--33},
year = 1994
}
%Zedler, E. A., and Street, R. L., 2001. Large-eddy simulation of sediment transport: 
%currents over ripples," J. Hydraulic Engineering, 127, 442-452.  

@Article{ZANG[1995],
author = {Y. Zang and R. L. Street},
title =  {Numerical simulation of coastal upwelling and interfacial instability in a rotating and stratified fluid},
journal =  {J. Fluid Mech.},
volume = {305},
pages = {47--75},
year = {1995}
}

@InProceedings{ZANG[1991],
author = {Y. Zang and R. L. Street and J. R. Koseff, J.R.},
title = {A Composite-Multigrid Method for Solving Unsteady 
Incompressible Navier-Stokes Equations in Complex Geometries},
note = {{\it Proc. of the Seventh International Conference on Numerical 
Methods in Laminar and Turbulent Flow}, Stanford University}, 
year = {1991}, 
pages = {1485--1495}
}

@Article{ZEDLER[2001],
author = {E. A. Zedler and R. L. Street},
title =  {Large-eddy simulation of sediment transport: currents over ripples},
journal =  {J. Hydraul. Eng.},
volume = {127},
pages = {442--452},
year = 2001
}

@Article{ZHANG[1986],
author = {D. L. Zhang and H. Chang and N. L. Seaman and T. T. Warner and J. M Fritsch},
title =  {A two-way interactive nesting procedure with variable terrain resolution},
journal =  {Mon. Weather Rev.},
volume = {114},
pages = {1330--???},
year = 1986
}


@Book{KITANIDIS[1997],
author = {P. K. Kitanidis},
year = {1997},
title = {Introduction to Geostatistics: Applications in Hydrogeology},
publisher= {Cambridge University Press}
}

@Article{KUNZE[2001],
author = {E. Kunze and L. K. Rosenfeld and G. S. Carter and M. C. Gregg},
year = {2001},
title = {Internal waves in Monterey Submarine Canyon},
journal = {J. Phys. Oceanogr.},
volume = {32}, 
pages  = {1890--1913}
}

@Article{LEROUX[1997],
author = {D. Y. {Le Roux} and C. A. Lin and A. Staniforth}, 
year = {1997},
title = {An accurate interpolating scheme for semi-Lagrangian advection on an unstructured mesh for ocean modeling},
journal = {Tellus}, 
volume = {49A}, 
pages  = {119--138}
}

@Article{LEROUX[2000],
author = {D. Y. {Le Roux} and C. A. Lin and A. Staniforth}, 
year = {2000},
title = {A semi-implicit semi-Lagrangian finite-element shallow-water ocean model},
journal = {Monthly Weather Review}, 
volume={128}, 
pages = {1384--1401}
}

@Article{HAM[2002],
author = {F. E. Ham and F. S. Lien and A. B. Strong},
title = {A cartesian grid method with transient anisotropic adaptation},
journal = {J. Comput. Phys.},
volume = {179},
pages = {469--494},
year = {2002}
}

@InProceedings{Gerritsen[2004],
author = {M. Gerritsen and A. R. Kovscek and L. Castanier and J. Nilsson and R. Younis and B. He},
title = {Experimental Investigation and High Resolution
   Simulator of In-Situ Combustion: 1. Simulator Design and Improved
   Combustion With Metallic Additives},
booktitle = {SPE 86962, Proceedings of the
   SPE International Thermal Operations and Heavy Oil Symposium and
   Western Regional Meeting},
note = {Bakersfield},
year = {2004}
}

@Article{MERRIFIELD[2001],
author = {M. A. Merrifield and P. E. Holloway and T. M. S. Johnston},
title = {Internal tide generation at the {H}awaiian {R}idge},
journal = {Geophys. Rev. Lett.}, 
volume = 28, 
pages = {559--562}, 
year = {2001}
}

@Article{HOLLOWAY[2003],
author = {P. E. Holloway and M. A. Merrifield}, 
title = {On the spring-neap variability and age of the internal tide at the Hawaiian Ridge}, 
journal = {J. Geophys. Res.}, 
volume = 108, 
pages = {3126--????}, 
year = 2003 
}

@Article{LAMB[1994],
author = {K.G. Lamb},
year = 1994,
title = {Numerical experiments of internal wave generation by strong tidal flow 
across a finite amplitude bank edge}, 
journal = {J. Geophys. Res.}, 
volume = 99, 
pages = {843--864}
}

@Article{MAXWORTHY[1979],
author = {T. Maxworthy},
year =  1979, 
title = {A note on internal solitary waves produced by tidal flow over a three dimensional ridge},
journal = {J. Geophys. Res.}, 
volume = {84}, 
pages = {338--346}
}

@Article{MAXWORTHY[1984],
authr = {T. Maxworthy and F. Lansing},
year = {1984},  
title = {On the generation and evolution of internal gravity waves},
journal = {J. Fluid Mech.}, 
volume = {145}, 
pages = {127--149}
}
